%%%%%%%%%%%%%%%%%%%%%%%%%%%%%%%%%%%%%%%%%%%%%%%%%%%%%%%%%%%%%%%%%%%%%%%%%%%%%%%%
%% Books
%%

@book{Goodfellow-et-al-2016,
    title={Deep Learning},
    author={Goodfellow, Ian and Bengio, Yoshua and Courville, Aaron},
    publisher={MIT Press},
    note={\url{http://www.deeplearningbook.org}},
    year={2016}
}

@book{friedman2001elements,
  title={The elements of statistical learning},
  author={Friedman, Jerome and Hastie, Trevor and Tibshirani, Robert},
  volume={1},
  number={10},
  year={2001},
  publisher={Springer series in statistics New York, NY, USA}
}

@book{xie2015,
  title = {Dynamic Documents with {R} and knitr},
  author = {Yihui Xie},
  publisher = {Chapman and Hall/CRC},
  address = {Boca Raton, Florida},
  year = {2015},
  edition = {2nd},
  note = {ISBN 978-1498716963},
}

@book{xie2016bookdown,
  title={Bookdown: Authoring Books and Technical Documents with R Markdown},
  author={Xie, Yihui},
  year={2016},
  publisher={Chapman and Hall/CRC},
  address = {Boca Raton, Florida}
}


@book{bellman1957dynamic,
  title={Dynamic Programming},
  author={Bellman, R. and Rand Corporation and Karreman Mathematics Research Collection},
  isbn={9780691079516},
  lccn={57005444},
  series={Rand Corporation research study},
  url={https://books.google.de/books?id=wdtoPwAACAAJ},
  year={1957},
  publisher={Princeton University Press}
}


%%%%%%%%%%%%%%%%%%%%%%%%%%%%%%%%%%%%%%%%%%%%%%%%%%%%%%%%%%%%%%%%%%%%%%%%%%%%%%%%
%% Articles
%%

@article{rubin1976inference,
  title={Inference and missing data},
  author={Rubin, Donald B},
  journal={Biometrika},
  volume={63},
  number={3},
  pages={581--592},
  year={1976},
  publisher={Oxford University Press}
}

@article{hastie2014glmnet,
  title={Glmnet vignette},
  author={Hastie, Trevor and Qian, Junyang},
  journal={Retrieve from http://www. web. stanford. edu/\~{} hastie/Papers/Glmnet\_Vignette. pdf. Accessed September},
  volume={20},
  pages={2016},
  year={2014}
}

@inproceedings{chen2016xgboost,
  title={Xgboost: A scalable tree boosting system},
  author={Chen, Tianqi and Guestrin, Carlos},
  booktitle={Proceedings of the 22nd acm sigkdd international conference on knowledge discovery and data mining},
  pages={785--794},
  year={2016},
  organization={ACM}
}

@article{tidy-data,
  author = {Hadley Wickham},
  issue = {10},
  journal = {The Journal of Statistical Software},
  title = {Tidy data},
  url = {http://www.jstatsoft.org/v59/i10/},
  volume = {59},
  year = {2014}
}

@article{freund1997decision,
  title={A decision-theoretic generalization of on-line learning and an application to boosting},
  author={Freund, Yoav and Schapire, Robert E},
  journal={Journal of computer and system sciences},
  volume={55},
  number={1},
  pages={119--139},
  year={1997},
  publisher={Elsevier}
}

@article{scikit-learn,
 title={Scikit-learn: Machine Learning in {P}ython},
 author={Pedregosa, F. and Varoquaux, G. and Gramfort, A. and Michel, V. and Thirion, B. and Grisel, O. and Blondel, M. and Prettenhofer, P. and Weiss, R. and Dubourg, V. and Vanderplas, J. and Passos, A. and Cournapeau, D. and Brucher, M. and Perrot, M. and Duchesnay, E.},
 journal={Journal of Machine Learning Research},
 volume={12},
 pages={2825--2830},
 year={2011}
}

@article{knuth1984literate,
  title={Literate programming},
  author={Knuth, Donald Ervin},
  journal={The Computer Journal},
  volume={27},
  number={2},
  pages={97--111},
  year={1984},
  publisher={Oxford University Press}
}

@article{DURANGOCOHEN20131085,
title = "A Bernoulli–Gaussian mixture model of donation likelihood and monetary value: An application to alumni segmentation in a university setting",
journal = "Computers & Industrial Engineering",
volume = "66",
number = "4",
pages = "1085 - 1095",
year = "2013",
issn = "0360-8352",
doi = "https://doi.org/10.1016/j.cie.2013.08.007",
url = "http://www.sciencedirect.com/science/article/pii/S0360835213002611",
author = "Pablo L. Durango-Cohen and Elizabeth J. Durango-Cohen and Ramón L. Torres",
keywords = "Market segmentation, Finite mixture models, Alumni giving, Fundraising, Bernoulli–Gaussian Distribution, Expectation–Maximization Algorithm",
}

@article{troyanskaya2001missing,
  title={Missing value estimation methods for DNA microarrays},
  author={Troyanskaya, Olga and Cantor, Michael and Sherlock, Gavin and Brown, Pat and Hastie, Trevor and Tibshirani, Robert and Botstein, David and Altman, Russ B},
  journal={Bioinformatics},
  volume={17},
  number={6},
  pages={520--525},
  year={2001},
  publisher={Oxford University Press}
}

@article{kursa2010boruta,
  title={Feature selection with the Boruta package},
  author={Kursa, Miron B and Rudnicki, Witold R and others},
  journal={J Stat Softw},
  volume={36},
  number={11},
  pages={1--13},
  year={2010}
}

@article{kursa2011boruta,
author = {B. Kursa, Miron and Rudnicki, Witold},
year = {2011},
month = {06},
pages = {},
title = {The All Relevant Feature Selection using Random Forest}
}

@article{breiman2001rf,
author = {Breiman, L},
year = {2001},
month = {01},
pages = {5-32},
title = {Random Forests},
volume = {45},
journal = {Machine Learning},
doi = {10.1023/A:1018054314350}
}

@misc{tensorflow2015-whitepaper,
title={ {TensorFlow}: Large-Scale Machine Learning on Heterogeneous Systems},
url={https://www.tensorflow.org/},
note={Software available from tensorflow.org},
author={
    Mart\'{\i}n~Abadi and
    Ashish~Agarwal and
    Paul~Barham and
    Eugene~Brevdo and
    Zhifeng~Chen and
    Craig~Citro and
    Greg~S.~Corrado and
    Andy~Davis and
    Jeffrey~Dean and
    Matthieu~Devin and
    Sanjay~Ghemawat and
    Ian~Goodfellow and
    Andrew~Harp and
    Geoffrey~Irving and
    Michael~Isard and
    Yangqing Jia and
    Rafal~Jozefowicz and
    Lukasz~Kaiser and
    Manjunath~Kudlur and
    Josh~Levenberg and
    Dandelion~Man\'{e} and
    Rajat~Monga and
    Sherry~Moore and
    Derek~Murray and
    Chris~Olah and
    Mike~Schuster and
    Jonathon~Shlens and
    Benoit~Steiner and
    Ilya~Sutskever and
    Kunal~Talwar and
    Paul~Tucker and
    Vincent~Vanhoucke and
    Vijay~Vasudevan and
    Fernanda~Vi\'{e}gas and
    Oriol~Vinyals and
    Pete~Warden and
    Martin~Wattenberg and
    Martin~Wicke and
    Yuan~Yu and
    Xiaoqiang~Zheng},
  year={2015}
}

@conference{Kluyver:2016aa,
	Author = {Thomas Kluyver and Benjamin Ragan-Kelley and Fernando P{\'e}rez and Brian Granger and Matthias Bussonnier and Jonathan Frederic and Kyle Kelley and Jessica Hamrick and Jason Grout and Sylvain Corlay and Paul Ivanov and Dami{\'a}n Avila and Safia Abdalla and Carol Willing},
	Booktitle = {Positioning and Power in Academic Publishing: Players, Agents and Agendas},
	Editor = {F. Loizides and B. Schmidt},
	Organization = {IOS Press},
	Pages = {87 - 90},
	Title = {Jupyter Notebooks -- a publishing format for reproducible computational workflows},
	Year = {2016}
}

@InProceedings{mckinney-proc-scipy-2010,
  author    = {Wes McKinney},
  title     = {Data Structures for Statistical Computing in Python},
  booktitle = {Proceedings of the 9th Python in Science Conference},
  pages     = {51 - 56},
  year      = {2010},
  editor    = {St\'efan van der Walt and Jarrod Millman}
}

@Techreport{CS-R9526,
    title= {Python tutorial},
    author = {G. van Rossum},
    number={CS-R9526},
    institution= {Centrum voor Wiskunde en Informatica (CWI)},
    year= {1995},
    address={Amsterdam},
    month={May}
}

%%%%%%%%%%%%%%%%%%%%%%%%%%%%%%%%%%%%%%%%%%%%%%%%%%%%%%%%%%%%%%%%
%% R pacakges

@manual{allaire2016rmarkdown,
  title={rmarkdown: Dynamic Documents for R},
  author={Allaire, J and Cheng, Joe and Xie, Yihui and McPherson, Jonathan and Chang, Winston and Allen, Jeff and Wickham, Hadley and Atkins, Aron and Hyndman, Rob and Arslan, Ruben},
  journal={R package version},
  volume={1},
  pages={9010},
  year={2016}
}

%%%%%%%%%%%%%%%%%%%%%%%%%%%%%%%%%%%%%%%%%%%%%%%%%%%%%%%%%%%%%%%%%%%%%%%%%%%%%%%%
%% online
%%

@online{NCCSfacts,
  title = {{Charitable Giving in America: Some Facts and Figures {$\vert$} NCCS}},
  year = {2019},
  month = {Jan},
  urldate = {2019-03-20},
  url = {https://nccs.urban.org/data-statistics/charitable-giving-america-some-facts-and-figures}
}

@online{census-gazet,
    author = {{United States Census Bureau}},
    title = {2018 U.S. Gazetteer Files},
    year = 2018,
    url = {https://www.census.gov/geographies/reference-files/2018/geo/gazetter-file.html},
    urldate = {2019-04-04}
}
